@article{einstein,
    author =       "Albert Einstein",
    title =        "{Zur Elektrodynamik bewegter K{\"o}rper}. ({German})
        [{On} the electrodynamics of moving bodies]",
    journal =      "Annalen der Physik",
    volume =       "322",
    number =       "10",
    pages =        "891--921",
    year =         "1905",
    DOI =          "http://dx.doi.org/10.1002/andp.19053221004"
}

@book{arnold_1989,
    author    = "Arnold, V. I.",
    title     = "Mathematical Methods of Classical Mechanics",
    year      = "1989",
    editor    = "Vogtmann, K. and Weinstein, A. Translators",
    publisher = "Springer",
    place     = "New York"
}

@book{hairer_1993,
    author    = "Hairer, E. and Norsett, S. P. and Wanner, G.",
    title     = "Solving Ordinary Differential Equations I: Nonstiff Problems",
    year      = "1993",
    publisher = "Springer",
    place     = "Berlin"
}

@book{hairer_2006,
    author    = "Hairer, E. and Lubich, C. and Wanner, G.",
    title     = "Geometric Numerical Integration",
    year      = "2006",
    publisher = "Springer",
    place     = "Berlin"
}

@book{nolte_2015,
    author    = "D. D. Nolte",
    title     = "Introduction to Modern Dynamics: Chaos, Networks, Space and Time",
    year      = "2015",
    publisher = "Oxford University Press",
    place     = "New York"
}

@misc{tuominen_2017,
    author    = "Tuominen, K.",
    title     = "Analytical Mechanics",
    year      = "2017",
    institution = "Helsingin yliopisto",
    url       = "https://geom.mathstat.helsinki.fi/moodle/pluginfile.php/44044/mod_resource/content/4/amek_notes.pdf"
}
